@article{colbourn1984complexity,
  title={The complexity of completing partial Latin squares},
  author={Colbourn, Charles J},
  journal={Discrete Applied Mathematics},
  volume={8},
  number={1},
  pages={25--30},
  year={1984},
  publisher={Elsevier}
}
@article{takayuki2003complexity,
  title={Complexity and completeness of finding another solution and its application to puzzles},
  author={Takayuki, YATO and Takahiro, Seta},
  journal={IEICE transactions on fundamentals of electronics, communications and computer sciences},
  volume={86},
  number={5},
  pages={1052--1060},
  year={2003},
  publisher={The Institute of Electronics, Information and Communication Engineers}
}
@article{holyer1981np,
  title={The NP-completeness of some edge-partition problems},
  author={Holyer, Ian},
  journal={SIAM Journal on Computing},
  volume={10},
  number={4},
  pages={713--717},
  year={1981},
  publisher={SIAM}
}
@mastersthesis{Seta01,
title = {The Complexities of Puzzles, Cross Sum and their Another Solution Problems (ASP)},
author = {Takahiro Seta},
type = {Senior thesis},
school = {Univ. of Tokyo, Dept. of Information Science},
address = {Faculty of Science, Hongo 7-3-1, Bunkyo-ku, Tokyo 113, JAPAN},
month = {Feb},
year = {2001},
url = {http://www-imai.is.s.u-tokyo.ac.jp/~seta/paper/senior_thesis/seniorthesis.ps}
} 
@book{Garey,
 author = {Garey, Michael R. and Johnson, David S.},
 title = {Computers and Intractability; A Guide to the Theory of NP-Completeness},
 year = {1990},
 isbn = {0716710455},
 publisher = {W. H. Freeman \& Co.},
 address = {New York, NY, USA},
} 
